<record><leader>00000cas a22000007a 4500</leader><controlfield tag="001">15201727</controlfield><controlfield tag="008">870216d18801880arudr ne      0    0eng d</controlfield><datafield ind1=" " ind2=" " tag="010"><subfield code="a">sn 86090900 </subfield></datafield><datafield ind1=" " ind2=" " tag="040"><subfield code="a">PPM</subfield><subfield code="b">eng</subfield><subfield code="c">PPM</subfield><subfield code="d">ANU</subfield><subfield code="d">OCLCQ</subfield></datafield><datafield ind1=" " ind2=" " tag="042"><subfield code="a">msc</subfield></datafield><datafield ind1="0" ind2="0" tag="245"><subfield code="a">Wheelers' independent daily fair edition.</subfield></datafield><datafield ind1=" " ind2=" " tag="260"><subfield code="a">Fort Smith, Ark. :</subfield><subfield code="b">J.F. Weaver &amp; J.E. Brietz</subfield></datafield><datafield ind1=" " ind2=" " tag="310"><subfield code="a">Daily</subfield></datafield><datafield ind1="1" ind2=" " tag="362"><subfield code="a">Began in Oct. 1880? Ceased in 1880?</subfield></datafield><datafield ind1=" " ind2=" " tag="588"><subfield code="a">Description based on: Vol. 1, no. 4 (Oct. 29, 1880).</subfield></datafield><datafield ind1=" " ind2=" " tag="752"><subfield code="a">United States</subfield><subfield code="b">Arkansas</subfield><subfield code="c">Sebastian</subfield><subfield code="d">Fort Smith.</subfield></datafield><datafield ind1="0" ind2=" " tag="775"><subfield code="t">Wheelers' independent</subfield><subfield code="w">(DLC)sn 86090901</subfield></datafield></record>